<?xml version="1.0" encoding="UTF-8"?><collection xmlns="http://www.loc.gov/MARC21/slim"><record><leader>00376nam--2200121-i-4500</leader><controlfield tag="001">000032712</controlfield><controlfield tag="002">20161230</controlfield><controlfield tag="005">20161230201039</controlfield><controlfield tag="008">060222s1000------------r-----000-0-eng-d</controlfield><datafield ind1=" " ind2=" " tag="245"><subfield code="a">Modern methods of microscopy. a series of papers reprinted from `research`</subfield></datafield><datafield ind1=" " ind2=" " tag="260"><subfield code="a">London, Butterworths Scientific Publications, 1956, Iii + 114p.+iv</subfield></datafield><datafield ind1=" " ind2=" " tag="700"><subfield code="a">Vickers, A.E.J</subfield></datafield><datafield ind1=" " ind2=" " tag="852"><subfield code="a">13466</subfield></datafield></record></collection>